@book{LPW,
	author = "D. A. Levin and Y. Peres and E. L. Wilmer",
	title = "Markov chains and Mixing Times, second edition",
	publisher = "American Mathematical Society",
	year = "2017"
}

@article{DPR,
	author = "P. Diaconis and C. Y. A. Pang and A. Ram",
	title = "Hopf algebras and Markov chains: Two examples and a theory",
	journal = "J. Algebraic Combin.",
	volume = "39.3",
	year = "2014"
}